% -------------------------------------------------------------------------------------
% Teoria dos conjuntos
% -------------------------------------------------------------------------------------
@Article{cantor1895,
	author    = {Cantor, Georg},
	title     = {{Beiträge zur Begründung der Transfiniten Mengenlehre}},
	journal   = {Mathematische Annalen},
	year      = {1895},
	volume    = {46},
	number    = {4},
	pages     = {481--512},
	publisher = {Springer},
}

@Book{lipschutz1978-TC,
  title     = {{Teoria dos Conjuntos}},
  publisher = {McGraw-Hill do Brasil - LTDA/MEC},
  year      = {1978},
  author    = {Lipschutz, Seymour},
}

@Book{halmos2001,
  title     = {{Teoria ingênua dos conjuntos}},
  publisher = {Editora Ciência Moderna},
  year      = {2001},
  author    = {Halmos, Paul R},
}

@Book{abe1991-TC,
  title     = {{Teoria Intuitiva dos Conjuntos}},
  publisher = {MAKRON \textit{Books}},
  year      = {1991},
  author    = {Abe, Jair Minoro and Papavero, Nelson},
}

@Book{zach2021-TC,
  title     = {{Set Theory: An Open Introduction}},
  publisher = {{The Open Logic Project}},
  year      = {2021},
  author    = {Zach, Richard and Burns, Samara and Qian, Zesen},
}

% -------------------------------------------------------------------------------------
% Poset e Reticulados
% -------------------------------------------------------------------------------------
@book{neggers1998poset,
	title={Basic posets},
	author={Neggers, Joseph and Kim, Hee Sik},
	year={1998},
	publisher={World Scientific}
}

@book{morgado1962poset,
	title={Introdu{\c{c}}{\~a}o {\`a} Teoria dos Reticulados, Textos de Matem{\'a}tica},
	author={Morgado, Jos{\'e}},
	year={1962},
	publisher={Instituto de F{\'\i}sica e Matem{\'a}tica, Recife}
}

@book{hausdorff1914poset,
	title={Grundz{\"u}ge der mengenlehre},
	author={Hausdorff, Felix},
	volume={7},
	year={1914},
	publisher={von Veit}
}

% -------------------------------------------------------------------------------------
% Teoria dos tipos
% -------------------------------------------------------------------------------------
@book{nederpelt2014,
	title={Type theory and formal proof: an introduction},
	author={Nederpelt, Rob and Geuvers, Herman},
	year={2014},
	publisher={Cambridge University Press}
}

@book{thompson1999,
	title={Type theory and functional programming},
	author={Thompson, Simon},
	year={1999},
	publisher={Addison Wesley}
}

@article{sergey2014,
	title={Programs and Proofs: Mechanizing Mathematics with Dependent Types},
	author={Sergey, Ilya},
	journal={Lecture notes with exercises. Available at},
	year={2014}
}

% -------------------------------------------------------------------------------------
% Matemática Discreta
% -------------------------------------------------------------------------------------
@Book{carmo2013,
  title     = {{Elementos de Matemática Discreta}},
  publisher = {College Publications},
  year      = {2013},
  author    = {Carmo, José and Gouveia, Paula and Dionísio, Francisco Miguel},
}

@book{fmcbook,
	author={Thanos Tsouanas},
	title={Matemática Fundacional para Computação},
	year={2017--2021},
	note={Work in progress},
	publisher={\url{http://www.tsouanas.org/fmcbook}},
	address={Universidade Federal do Rio Grande do Norte}
}

@Book{lipschutz2013-MD,
  title     = {{Matemática Discreta}},
  publisher = {Bookman Editora},
  year      = {2013},
  author    = {Lipschutz, Seymour and Lipson, Marc},
  note      = {Coleção Schaum},
}

@Book{menezes2010MD,
  title     = {{Matemática Discreta para Computação e Informática}},
  publisher = {Bookman},
  year      = {2010},
  author    = {Menezes, Paulo B.},
  volume    = {2},
}

@book{hammack2017,
	title={Elements of Discrete Mathematics},
	author={Hammack, Richard},
	year={2017},
	edition={1.1},
	publisher={Virginia Commonwealth University Richmond Virginia}
}

@book{barreto,
	author={J. M. Barreto and M. Roiseberg and M. A. F. Almeida and K. Callozos},
	title={Fundamentos de Matemática Aplicada à Informática},
	year={????--2021},
	note={Work in progress},
	publisher={\url{http://www.inf.ufsc.br/~mauro.roisenberg/ine5381/leituras/apostila.pdf}},
	address={Universidade Federal de Santa Catarina}
}

@book{epp1990,
  title={Discrete mathematics with applications},
  author={Epp, Susanna S},
  year={1990},
  publisher={Wadsworth Publ. Co.}
}

@Book{judith2021,
  author    = {Judith L. Gersting},
  publisher = {GrupoGen LTC},
  title     = {{Fundamentos Matemáticos para Ciência da Computação}},
  year      = {2021},
}

@book{Gerard2021discreta,
	title={Guide to discrete mathematics},
	author={O'Regan, Gerard},
	year={2021},
	publisher={Springer}
}

@book{levin2021,
	title={Discrete mathematics: An open introduction},
	author={Levin, Oscar},
	year={2021}
}

@Book{sussana2010-MD,
  title     = {{Discrete Mathematics With Applications}},
  publisher = {Cengage learning},
  year      = {2010},
  author    = {Epp, Susanna S},
}

@book{edward2019-MD,
	title={{Matemática Discreta - Uma Introdução}},
	author={Scheinerman, Edward R},
	year={2019},
	edition={Terceira Edição},
	publisher={Cengage Learning Editores}
}

% -------------------------------------------------------------------------------------
% Lógica
% -------------------------------------------------------------------------------------
@Book{joaoPavao2014,
  title     = {{Lógica e Raciocínio}},
  publisher = {College Publications},
  year      = {2014},
  author    = {Martins, João Paiva},
}

@Book{edgar2002,
  title     = {{Iniciação à Lógica Matemática}},
  publisher = {NBL Editora},
  year      = {2002},
  author    = {de Alencar Filho, Edgard},
}

@Book{leonidas2002,
  title     = {{Lógica: Cálculo Sentencial, Cálculo de Predicados, Cálculo com Igualdades}},
  publisher = {GEN},
  year      = {2012},
  author    = {Hegenberg, Leônidas},
  edition   = {3ª},
}

@Book{copi1981,
  title     = {{Introdução à Lógica}},
  publisher = {Mestre Jou},
  year      = {1981},
  author    = {Copi, Irving M},
}

@Book{mortari2001,
  title     = {{Introdução à Lógica}},
  publisher = {Unesp},
  year      = {2001},
  author    = {Mortari, Cezar A},
}

% -------------------------------------------------------------------------------------
% Lógica Combinatória e Cálculo Lambda
% -------------------------------------------------------------------------------------
@Book{henk1992,
  title     = {{Lambda Calculi with Types}},
  publisher = {Oxford: Clarendon Press},
  year      = {1992},
  author    = {Barendregt, Henk P},
}

@Book{bare1984,
  title     = {{The Lambda Calculus Its Syntax and Semantics}},
  publisher = {Elsevier},
  year      = {1984},
  author    = {Barendregt, H. P.},
}

@Book{bimbo2019,
  title     = {{Combinatory Logic: Pure, Applied and Typed},},
  publisher = {{Chapman and Hall/CRC}},
  year      = {2019},
  author    = {Bimbó, Katalin},
}


% -------------------------------------------------------------------------------------
% Provadores de Teoremas
% -------------------------------------------------------------------------------------

@Book{coq2013,
  title     = {{Interactive Theorem Proving and Program Development: Coq’Art: The Calculus of Inductive Constructions}},
  publisher = {Springer Science \& Business Media},
  year      = {2013},
  author    = {Bertot, Yves and Cast{\'e}ran, Pierre},
}

@inproceedings{lean2015,
	title={The Lean theorem prover (system description)},
	author={Moura, Leonardo de and Kong, Soonho and Avigad, Jeremy and Doorn, Floris van and Raumer, Jakob von},
	booktitle={International Conference on Automated Deduction},
	pages={378--388},
	year={2015},
	organization={Springer}
}

% -------------------------------------------------------------------------------------
% Teoria da Prova
% -------------------------------------------------------------------------------------

@Book{velleman2019comProvar,
  title     = {{How to prove it: A structured approach}},
  publisher = {Cambridge University Press},
  year      = {2019},
  author    = {Velleman, Daniel J},
}

@book{softwarefoundations,
	author={Pierce, Benjamin C and Casinghino, Chris and Gaboardi, Marco and Greenberg, Michael and Hri{\c{t}}cu, C{\u{a}}t{\u{a}}lin and Sj{\"o}berg, Vilhelm and Yorgey, Brent},
	title={Matemática Fundacional para Computação},
	year={2007},
	publisher={\url{https://softwarefoundations.cis.upenn.edu/}},
	address={University of Pennsylvania}
}

@article{broda2007,
	title={Pandora: A reasoning toolbox using natural deduction style},
	author={Broda, Krysia and Ma, Jiefei and Sinnadurai, Gabrielle and Summers, Alexander},
	journal={Logic Journal of the IGPL},
	volume={15},
	number={4},
	pages={293--304},
	year={2007},
	publisher={OUP}
}

% -------------------------------------------------------------------------------------
% Topologia
% -------------------------------------------------------------------------------------
@Book{lipschutz1971-Topo,
	title     = {{Topologia Geral}},
	publisher = {{McGRAW-HILL Do Brasil, LTDA/MEC}},
	year      = {1971},
	author    = {Lipschutz, Seymour},
	note      = {Coleção Schaum},
}

% -------------------------------------------------------------------------------------
% Computabilidade
% -------------------------------------------------------------------------------------
@Book{linz2006,
  title     = {{An Introduction to Formal Languages and Automata}},
  publisher = {Jones \& Bartlett Learning},
  year      = {2006},
  author    = {Linz, Peter},
  address   = {USA},
}

@Book{benjaLivro2010,
  title     = {{Introdução à Teoria da Computação: Linguagens Formais, Autômatos e Computabilidade}},
  publisher = {Editora UnP},
  year      = {2010},
  author    = {Bedregal, Benjamín and Acióly, B M and Lyra, A},
  address   = {Natal},
}

@book{hopcroft2008,
	title={{Introduction to Automata Theory, Languages and Computation}},
	author={Hopcroft, John E and Motwani, Rajeev and Ullman, Jeffrey D.},
	edition = {3ª},
	publisher={Pearson Education India},
	year={2008},
	Address  = {USA}
}

@book{yuri1993hilbert,
	title={Hilbert's tenth problem},
	author={Matiyasevich, Yuri V and Matijasevi{\v{c}}, Jurij V and Mati{\^a}sevi{\v{c}}, {\^U}rij Vladimirovi{\v{c}} and Matiyasevich, Yuri V and Matiyasevich, Yuri Vladimirovich and Garey, Michael R and Meyer, Albert},
	year={1993},
	publisher={MIT press}
}

% -------------------------------------------------------------------------------------
% Teoria da Computação Fuzzy
% -------------------------------------------------------------------------------------
@inproceedings{bedregal2006classical,
	title={Classical computability and fuzzy Turing machines},
	author={Bedregal, Benjam{\'\i}n Ren{\'e} Callejas and Figueira, Santiago},
	booktitle={Latin American Symposium on Theoretical Informatics},
	pages={154--165},
	year={2006},
	organization={Springer}
}

% -------------------------------------------------------------------------------------
% Linguagens (em sentido genérico) e Compiladores
% -------------------------------------------------------------------------------------
@Book{aho2007,
  title     = {{Compiladores: Princípios, Técnicas e ferramentas}},
  publisher = {Editora Pearson},
  year      = {2007},
  author    = {AHO, Alfred V and LAM, Monica S and SETHI, Ravi and ULLMAN, Jeffrey D},
  edition   = {2},
}

@Book{cooper2017,
  title     = {{Construindo Compiladores}},
  publisher = {Elsevier Brasil},
  year      = {2017},
  author    = {Cooper, Keith and Torczon, Linda},
  volume    = {1},
}

@article{landin1964,
  title={The mechanical evaluation of expressions},
  author={Landin, Peter J},
  journal={The computer journal},
  volume={6},
  number={4},
  pages={308--320},
  year={1964},
  publisher={The British Computer Society}
}

@article{landin1965-1,
  title={Correspondence between ALGOL 60 and Church's Lambda-notation: part I},
  author={Landin, Peter J},
  journal={Communications of the ACM},
  volume={8},
  number={2},
  pages={89--101},
  year={1965},
  publisher={ACM New York, NY, USA}
}

@article{landin1965-2,
  title={A correspondence between ALGOL 60 and Church's Lambda-notations: Part II},
  author={Landin, Peter J},
  journal={Communications of the ACM},
  volume={8},
  number={3},
  pages={158--167},
  year={1965},
  publisher={ACM New York, NY, USA}
}

% -------------------------------------------------------------------------------------
% Linguagens programação
% -------------------------------------------------------------------------------------
@book{paulo2009algoritmos,
	title={Algoritmos em linguagem C},
	author={Feofiloff, Paulo},
	year={2009},
	publisher={Elsevier Brasil}
}

@Unpublished{pythonOrg,
	author = {{Python Software Foundation}},
	title = {{Página oficial da linguagem Python}},
	note = {Acessado em 23 de Agosto de 2023 na página \url{https://www.python.org/}},
	year = {2023}
}

@book{learnHaskell2011,
	title={Learn you a haskell for great good!: a beginner's guide},
	author={Lipovaca, Miran},
	year={2011},
	publisher={no starch press}
}

@book{beginningHaskell,
	title={Beginning Haskell: A Project-Based Approach},
	author={Mena, Alejandro Serrano},
	year={2014},
	publisher={Apress}
}

@Book{medina2006,
  author    = {Medina, Marcos and Ferting, Cristina},
  publisher = {Novatec Editora},
  title     = {{Algoritmos e Programação: Teoria e Prática}},
  year      = {2006},
}

@Unpublished{ibmFC,
	author = {Copyright IBM Corporation},
	title = {{Compatible functions (C only)}},
	note = {Acessado em 17 de Julho de 2023 na página \url{https://www.ibm.com/docs/en/zos/2.4.0?topic=definitions-compatible-functions-c-only}},
	year = {2021}
}

% -------------------------------------------------------------------------------------
% Estrutura de dados e complexidade
% -------------------------------------------------------------------------------------
@Book{jaime1994,
  title     = {{Estruturas de Dados e seus Algoritmos}},
  publisher = {Livros Tecnicos e Cientificos},
  year      = {1994},
  author    = {Szwarcfiter, Jayme Luiz and Markenzon, Lilian},
  volume    = {2},
}

% -------------------------------------------------------------------------------------
% Engenharia de software
% -------------------------------------------------------------------------------------
@Book{pressman2016,
  title     = {{Engenharia de Software}},
  publisher = {McGraw Hill Brasil},
  year      = {2016},
  author    = {Pressman, Roger and Maxim, Bruce},
  edition   = {8ª Edição},
}

@Book{sommerville2011,
  title     = {{Software Engineering}},
  publisher = {Pearson},
  year      = {2011},
  author    = {Sommerville, Ian},
  edition   = {9ª Edição},
}

% -------------------------------------------------------------------------------------
% Inteligência Aritifical e Aprendizado de Máquina
% -------------------------------------------------------------------------------------
@book{celebi2014,
  title={Partitional clustering algorithms},
  author={Celebi, M Emre},
  year={2014},
  publisher={Springer}
}

@inproceedings{fern2004,
  title={Solving cluster ensemble problems by bipartite graph partitioning},
  author={Fern, Xiaoli Zhang and Brodley, Carla E},
  booktitle={Proceedings of the twenty-first international conference on Machine learning},
  pages={36},
  year={2004}
}

@inproceedings{lin1999data,
	title={{Data mining: Granular computing approach}},
	author={Lin, Tsau Young},
	booktitle={Pacific-Asia Conference on Knowledge Discovery and Data Mining},
	pages={24--33},
	year={1999},
	organization={Springer}
}

@article{lingras1998data,
	title={{Data mining using extensions of the rough set model}},
	author={Lingras, PJ and Yao, YY},
	journal={Journal of the American society for information science},
	volume={49},
	number={5},
	pages={415--422},
	year={1998},
	publisher={Wiley Online Library}
}

@inproceedings{bar2003learning,
	title={Learning distance functions using equivalence relations},
	author={Bar-Hillel, Aharon and Hertz, Tomer and Shental, Noam and Weinshall, Daphna},
	booktitle={Proceedings of the 20th international conference on machine learning (ICML-03)},
	pages={11--18},
	year={2003}
}

@article{li2007equivalent,
	title={Equivalent relations between interchannel coupling and antenna polarization coupling in polarization diversity systems},
	author={Li, Xin and Huang, Xiujiang and Nie, Zaiping and Zhang, Yimin},
	journal={IEEE transactions on antennas and propagation},
	volume={55},
	number={6},
	pages={1709--1715},
	year={2007},
	publisher={IEEE}
}

@article{acharya2003classification,
	title={Classification of heart rate data using artificial neural network and fuzzy equivalence relation},
	author={Acharya, U Rajendra and Bhat, P Subbanna and Iyengar, S Sitharama and Rao, Ashok and Dua, Sumeet},
	journal={Pattern recognition},
	volume={36},
	number={1},
	pages={61--68},
	year={2003},
	publisher={Elsevier}
}

@article{myasnikov2018description,
	title={Description of images using a configuration equivalence relation},
	author={Myasnikov, Vladislav Valerievich},
	journal={Computer Optics},
	volume={42},
	number={6},
	pages={998--1007},
	year={2018},
	publisher={Image Processing Systems Institute of the Russian Academy of Sciences}
}

% -------------------------------------------------------------------------------------
% Processamento Digital de Imagens e Sinais
% -------------------------------------------------------------------------------------

@inproceedings{farias2016image,
	title={The image reduction process based on generalized mixture functions},
	author={Farias, Antonio Diego S and Costa, Valdigleis S and Santiago, Regivan HN and Bedregal, Benjam{\'\i}n},
	booktitle={2016 Annual Conference of the North American Fuzzy Information Processing Society (NAFIPS)},
	pages={1--6},
	year={2016},
	organization={IEEE}
}

@article{cressie1998image,
	title={Image analysis with partially ordered Markov models},
	author={Cressie, Noel and Davidson, Jennifer L},
	journal={Computational statistics \& data analysis},
	volume={29},
	number={1},
	pages={1--26},
	year={1998},
	publisher={Elsevier}
}

% -------------------------------------------------------------------------------------
% Criptografia
% -------------------------------------------------------------------------------------
@article{giri2008crypto,
	title={A Cryptographic Key Assignment Scheme for Access Control in Poset Ordered Hierarchies with Enhanced Security.},
	author={Giri, Debasis and Srivastava, PD},
	journal={Int. J. Netw. Secur.},
	volume={7},
	number={2},
	pages={223--234},
	year={2008}
}

% -------------------------------------------------------------------------------------
% Otimização
% -------------------------------------------------------------------------------------
@article{karaman2018partial,
	title={Partial order relations on family of sets and scalarizations for set optimization},
	author={Karaman, Emrah and Soyertem, Mustafa and Atasever G{\"u}ven{\c{c}}, {\.I}lknur and Tozkan, Didem and K{\"u}{\c{c}}{\"u}k, Mahide and K{\"u}{\c{c}}{\"u}k, Yal{\c{c}}{\i}n},
	journal={Positivity},
	volume={22},
	number={3},
	pages={783--802},
	year={2018},
	publisher={Springer}
}

% -------------------------------------------------------------------------------------
% TCC, Teses e Dissertações
% -------------------------------------------------------------------------------------
@MastersThesis{valdi2016master,
	Title                    = {{Linguagens Lineares Fuzzy}},
	Author                   = {Valdigleis S Costa},
	School                   = {{Programa de Pós-graduação em Sistemas e Computação, Universidade Federal do Rio Grande do Norte, UFRN}},
	Address                  = {Natal, RN},
	Year                     = {2016}
}

@PhdThesis{valdi2020phd,
	title					= {{Autômatos Fuzzy Hesitantes Típicos: Teoria e Aplicações}},
	author					= {Valdigleis S Costa},
	School					= {{Programa de Pós-graduação em Sistemas e Computação, Universidade Federal do Rio Grande do Norte, UFRN}},
	Address 				= {Natal, RN},
	year					= {2020}
}

@PhdThesis{thadeu2021phd,
	title		= {{Grafos fuzzy intervalares n-dimensionais}},
	author	= {Thadeu Ribeiro Benício Milfont},
	School	= {{Programa de Pós-graduação em Sistemas e Computação, Universidade Federal do Rio Grande do Norte, UFRN}},
	Address	= {Natal, RN},
	year	= {2021}
}

@PhdThesis{annax2019phd,
	title		= {{Conjuntos fuzzy multidimensionais}},
	author	= {Annaxsuel Araújo de Lima},
	School	= {{Programa de Pós-graduação em Sistemas e Computação, Universidade Federal do Rio Grande do Norte, UFRN}},
	Address	= {Natal, RN},
	year	= {2019}
}

@PhdThesis{rui2019phd,
	title		= {{Uma extensão de overlaps e naBL-Álgebras para reticulados}},
	author	= {Rui Eduardo Brasileiro Paiva},
	School	= {{Programa de Pós-graduação em Sistemas e Computação, Universidade Federal do Rio Grande do Norte, UFRN}},
	Address	= {Natal, RN},
	year	= {2019}
}

@PhdThesis{vania2019phd,
	title		= {{On algebras for interval-valued fuzzy logic}},
	author	= {Antônia Jocivania Pinheiro},
	School	= {{Programa de Pós-graduação em Sistemas e Computação, Universidade Federal do Rio Grande do Norte, UFRN}},
	Address	= {Natal, RN},
	year	= {2019}
}

% -------------------------------------------------------------------------------------
% Páginas web sobre matemática e computação
% -------------------------------------------------------------------------------------
@Unpublished{jeff-miller-web,
	author = {Jeff Miller},
	title = {{Earliest Known Uses of Some of the Words of Mathematics (I)}},
	note = {Acessado em 22 de Agosto de 2023 na página \url{https://jeff560.tripod.com/i.html}},
	year = {2023}
}
